2438 4650
140 473 228 532 XVI
257 482 268 507 '⁴
450 474 582 529 now
609 475 876 536 'totnonis

138 652 171 728 is
205 668 278 747 ego
317 641 399 725 sum
416 646 516 752 'qui
539 669 622 726 mea
641 684 643 689 v
665 672 894 756 magnopere
917 650 1065 731 mirer:
1111 646 1177 733 scd

139 774 481 890 quemadmodum,
536 774 585 859 de
613 775 775 862 aliorum
804 785 946 873 talione
975 780 1069 891 quid
1093 783 1179 873 sen.-

55 976 59 983 .
139 920 250 1007 tiarn,
288 904 352 989 ubi
371 907 418 989 ad
442 908 671 1018 propolitum
693 908 812 995 fucere
828 913 994 1009 videtur,
1027 911 1102 997 line
1124 920 1177 1001 ira

140 1034 185 1128 nc
207 1042 326 1125 studio
346 1036 461 1124 libere
481 1041 604 1125 dicere
625 1043 795 1139 adsuevi3
830 1042 878 1128 fic
902 1044 995 1129 ulios
1016 1073 1099 1130 mea
1116 1075 1178 1132 rc·

139 1162 410 1289 prehendentcr
433 1176 652 1261 nonmodo
670 1174 773 1260 facilc
786 1173 888 1276 scro,
919 1206 1048 1261 verum
1063 1186 1213 1295 etiam..-

139 1304 272 1396 lubcns
293 1331 490 1421 gratusque
511 1311 597 1393 dare
618 1337 771 1419 operam
799 1309 921 1408 soleo,
970 1334 1012 1395 ut
1029 1310 1178 1399 dodlio·

140 1460 225 1530 rum
260 1470 307 1526 eat
337 1442 615 1541 admonitione,
654 1442 720 1527 de
755 1440 1020 1531 communibus
1050 1447 1177 1533 audin

140 1578 238 1666 bene
275 1581 522 1681 merentium,
546 1632 550 1641 -
573 1599 753 1701 quantum
781 1574 991 1690 ‘plurimum
1028 1582 1176 1690 poffim,

140 1715 347 1827 proficiam.
415 1756 418 1761 ,

252 1972 568 2029 rnntsrnnsns
598 1944 798 2033 contens
829 1974 1176 2046 unnvscnrnrt,

140 2077 277 2191 quibus
308 2078 402 2161 mihi
424 2084 463 2160 in
482 2080 714 2164 recensendis
737 2077 889 2188 Epidleti
906 2068 1178 2165 Dissertationi·

141 2211 210 2293 bus
232 2208 335 2292 licuit
355 2214 428 2306 uti,
466 2231 540 2293 tres
562 2205 720 2306 fuerunt.
776 2218 931 2307 Primus,
953 2239 1066 2325 quem
1087 2221 1189 2299 nota'

134 2379 196 2454 pn.
227 2342 414 2448 indgnivi,
461 2348 500 2425 in
529 2338 713 2449 Catalogo
742 2350 973 2429 Graecorum-
987 2344 1178 2431 Codicum

139 2476 375 2591 Bibliotheca
403 2472 498 2560 olim
519 2477 640 2580 Regia
662 2504 762 2559 num
779 2481 1025 2561 MCMLVlll.
1046 2506 1179 2571 recen,-

141 2614 256 2708 setur„
315 2606 640 2707 membranaceus,
690 2608 893 2695 luculenter
920 2612 1093 2721 scriptum
1139 2618 1177 2695 in

141 2775 239 2858 quo,
285 2765 412 2855 prater
433 2738 586 2852 Epilleti
611 2740 913 2840 Dissertationcs‚
964 2747 1179 2829 continetur

141 2878 326 2964 Hieroclis
341 2883 378 2960 in
395 2880 519 2959 Aurea
534 2879 707 2961 Carmina
722 2876 1035 2979 Commentariun
1062 2879 1178 2965 nens

142 3012 283 3099 codicis
303 3017 342 3094 in
362 3005 542 3115 Catalogo
560 3009 605 3091 ad
619 3008 783 3093 seculum
801 3008 988 3093 decimum
1003 3014 1177 3122 quintum

32 3252 34 3257 Α
140 3145 306 3234 refertur.
363 3143 461 3225 Mihi
476 3141 628 3254 quidem
644 3140 755 3252 paulo
776 3143 952 3227 vetustior
970 3142 1066 3227 visus
1081 3163 1178 3229 erat:

141 3287 266 3393 estque
287 3283 398 3361 etiarn
413 3281 451 3359 in
465 3271 587 3361 fronte
608 3277 753 3362 codicis
768 3275 894 3361 notula
910 3274 956 3358 ab
969 3275 1045 3360 alio
1061 3275 1179 3362 dodlo

141 3419 223 3497 viro
244 3415 391 3520 scripta,
431 3415 495 3522 qui
516 3432 656 3494 aeratcm
680 3408 1178 3500 illius,adSec.X1V..rctu·

138 3546 192 3630 lit.
260 3550 393 3655 Neque
419 3569 513 3627 vero
538 3543 683 3627 idcirco
717 3541 883 3628 melioria
909 3564 1005 3630 notu
1022 3540 1089 3624 hic
1110 3544 1177 3642 ell,

138 3707 272 3762 verum
293 3682 407 3761 etiam
426 3675 539 3786 paulo
562 3673 717 3759 inferior
741 3683 845 3761 aleno
866 3672 950 3779 illo,
977 3675 1193 3766 chartaceo-

138 3809 211 3899 live
232 3808 478 3913 bombycino,
517 3814 711 3921 quem-pl.
735 3806 931 3917 adpellavi,
962 3817 1026 3922 qui
1047 3817 1086 3898 in
1107 3841 1178 3899 eo-

139 3946 228 4030 dem
250 3943 432 4049 Catalogo
458 3971 560 4027 num.
579 3933 808 4027 Mcvan.
840 3968 1177 4045 commemoratur,

139 4085 245 4183 cujus
275 4101 356 4163 atas
382 4076 520 4161 ibidem
548 4080 682 4184 pariter
706 4073 752 4156 nd
774 4072 938 4158 seculum
958 4082 1038 4159 XV.
1061 4075 1177 4165 refer,-

139 4234 211 4299 tur.
234 4216 335 4303 ..Est
361 4210 435 4302 hic
449 4208 583 4306 Codex
597 4215 660 4317 pl.
685 4212 832 4297 minuto
856 4209 1065 4328 admodum
1081 4210 1178 4301 ,cha-

201 4420 204 4425 ,
621 4362 628 4373 ·
1033 4340 1176 4431 radlere
