2438 4650
376 377 848 497 aanornrrm,
1004 434 1106 497 rxv
1201 508 1205 523 ¹

50 610 242 718 {criptura
262 604 476 697 veritatem,
506 597 565 684 vel
586 597 633 682 ad
648 624 739 696 res,
752 592 802 682 ¹de
819 593 956 713 quibua
969 604 1105 711 agirm,

56 738 287 827 illrdlrandes
311 733 494 830 valerent,
533 732 741 839 adjicerem

164 978 304 1086 Neque
326 996 418 1053 vero
438 964 519 1053 surn
542 970 704 1066 nescius,
734 945 855 1078 ipius
863 994 969 1053 nova
989 971 1103 1073 huius
1180 1026 1186 1037 ·

56 1105 247 1192 Editionis
269 1131 356 1189 eam
371 1100 445 1185 elle
460 1108 657 1205 rationem,
686 1123 739 1203 ur,
763 1099 901 1195 eumerfi
916 1102 968 1201 id,
966 1104 1102 1217 quod

48 1240 111 1323 'de
139 1239 293 1327 utiliore
329 1236 676 1347 commodioreque
705 1231 908 1319 Leuornm
934 1234 1102 1333 secutum
1194 1238 1199 1245 ’

59 1401 127 1456 me
146 1373 217 1457 elle
236 1368 416 1483 professus
437 1364 538 1467 lum,
566 1367 744 1453 nonnulla
770 1395 818 1451 ex
839 1390 940 1479 parte
954 1367 1102 1459 fuissem

61 1507 311 1609 consecutus,
342 1525 468 1624 tamen
497 1498 613 1611 futuri
635 1500 865 1629 fintxmulti,
895 1509 979 1615 qui,
1022 1534 1101 1616 non

58 1641 140 1725 satis
159 1638 361 1735 habentes,
386 1634 585 1749 probarum
607 1634 769 1749 aliquem
791 1634 947 1747 librum,
974 1661 1008 1743 ¹e
1030 1666 1102 1747 pu-

58 1772 157 1858 blica
185 1772 345 1887 quadam
376 1767 606 1865 Bibliotheca
640 1792 702 1854 eur
728 1798 776 1854 ex
799 1758 911 1853 amici
935 1766 1101 1856 benevo-

59 1905 173 1992 lentia
201 1903 447 1990 commodato
479 1924 697 2013 acceptum,
744 1902 855 1988 semel
895 1902 1101 2013 perlegisse,
1154 1952 1158 1963 ·

59 2068 154 2148 egre
171 2032 379 2124 streislacere
395 2038 489 2139 julio
509 2035 690 2146 desiderio
710 2039 869 2147 polim,
905 2066 999 2121 cum
1013 2040 1099 2124 suo·

58 2204 147 2258 rum
174 2178 216 2254 in
254 2197 409 2254 numero
443 2169 622 2254 librorum
657 2172 844 2279 poffidere
881 2177 1098 2285 lemperque

60 2306 111 2391 ad
134 2332 265 2387 manus
284 2301 415 2385 habere
437 2316 605 2410 egregios
628 2304 782 2413 Epieleti
807 2311 1005 2393 Sermones
1028 2337 1097 2392 vm
1131 2330 1140 2344 ·

64 2439 207 2523 luerint.
275 2443 451 2545 Qrorum
472 2444 510 2520 in
531 2444 705 2545 gratiam,
748 2437 876 2550 quodlr
898 2469 1050 2550 operam
1075 2470 1097 2525 a

62 2601 126 2658 me
148 2600 225 2656 non
239 2571 408 2672 inutilem
423 2577 460 2654 in
477 2572 705 2680 expoliendo
720 2572 1007 2688 illustrandoque
1021 2575 1097 2659 hoc

61 2733 175 2817 opere
205 2704 357 2816 posnam
386 2705 629 2808 judicaverint
653 2706 787 2788 eruditi
817 2713 984 2820 equique
1010 2711 1098 2791 clli-

63 2836 428 2935 matores,eurabo‚
468 2860 527 2936 ut,
562 2845 840 2952 quamprimum
862 2842 941 2925 fieri
964 2862 1104 2950 potue-

64 2982 128 3071 rit,
184 2970 484 3081 compendiosior
520 2970 588 3053 elia
624 2970 892 3085 parabiliorque
930 2974 1098 3070 eiusdem

65 3105 1099 3217 lfflmffl,woewmwmmmfflwb

63 3271 148 3325 rum
177 3239 330 3337 idonea,
377 3239 542 3347 prodeat.
619 3248 711 3348 Qro
745 3238 897 3324 confilio
926 3248 1099 3327 invitatos

64 3374 186 3458 velim·
202 3380 310 3456 Viros
337 3369 496 3469 dorios,
535 3371 559 3456 lr
592 3402 663 3488 qua
686 3373 976 3467 observaverint,
1020 3404 1100 3487 quar

64 3513 100 3594 in
116 3508 188 3590 hac
203 3507 366 3594 editione
381 3508 419 3589 dr
433 3512 470 3592 in
488 3508 747 3592 constituendo
761 3510 952 3618 prasertim
966 3513 1101 3594 Graeco

65 3661 265 3737 contextu,
312 3646 434 3722 autin
456 3640 706 3724 diffieiliorum
730 3641 902 3727 locorum
925 3650 1103 3754 interpre-

64 3782 223 3871 tatione,
263 3772 366 3857 aliter
387 3779 507 3856 curari
531 3774 695 3858 debuille
716 3776 927 3873 videantur,
960 3799 1001 3860 ut
1018 3804 1102 3862 me·

64 3907 174 3994 liores
192 3909 272 3990 suas
286 3914 531 4016 cogitationes
553 3906 624 3991 five
644 3915 813 4017 privatim
830 3938 981 3992 meeum
997 3938 1105 3993 conr-

62 4049 255 4129 nrunicare
276 4039 350 4126 live
367 4040 517 4152 publice
538 4047 575 4125 in
591 4068 796 4128 commune
818 4041 987 4127 conferre
1003 4040 1106 4127 haud

64 4200 272 4283 graventur.
329 4177 486 4286 :Neque
499 4184 628 4277 enim,
675 4178 726 4276 sat
748 4175 845 4259 bene
873 4175 899 4261 fi
918 4202 983 4259 nro
1004 4181 1107 4271 novi,

1083 4336 1121 4397 re
