2438 4650
462 422 812 483 ΗΗΗΗΟ.
1019 433 1158 495 xxi-11

93 600 135 678 L
149 590 254 679 Gcll·
270 592 320 675 vs·
334 598 372 673 6·
415 588 449 682 εἰ
471 594 576 699 νέος,
612 596 708 679 Diss
721 602 763 677 ll.
784 624 848 693 ro,
867 622 929 679 ro.
968 634 1151 721 orspm.

93 722 178 829 κᾶν,
203 736 249 811 ll.
271 752 336 823 ro,
354 750 420 822 23.
480 727 536 807 At
556 726 640 811 sunt
659 726 849 839 aliquanto
870 727 995 837 plures
1018 732 1148 821 leslio·

94 890 196 947 nese
213 856 509 945 membranaceo
527 860 612 943 eod
626 892 690 967 pa.
713 858 849 957 dosia,
877 890 958 975 quae
978 870 1017 946 in
1033 865 1145 953 bom.

92 996 232 1097 byeioo
256 1001 317 1101 pb.
338 1020 418 1075 non
447 996 694 1101 reperiuntur:
750 992 852 1077 verbi
879 997 1017 1093 caussa,
1066 1001 1144 1093 οὐδ’

93 1124 146 1223 dv
169 1119 396 1249 χρώματα,
435 1130 462 1207 l·
478 1132 517 1222 65
538 1150 574 1209 2·
613 1118 737 1221 πόσου
762 1134 831 1222 σοῦ
854 1122 967 1250 ἐγὼ.
982 1138 1008 1210 Ι.
1028 1160 1089 1228 ιο,
1101 1134 1139 1217 6.
1191 1218 1194 1223 .

97 1261 202 1379 cipri,
230 1268 269 1343 ll.
292 1286 332 1357 2,
357 1286 422 1341 πο.
473 1253 539 1352 ἐπὶ
554 1263 690 1359 τοῦτο,
717 1266 759 1340 ll·
782 1290 821 1359 72
837 1290 874 1362 9·
923 1259 1044 1375 μηδὲν
1065 1264 1138 1357 odat

100 1394 200 1494 ἔστι,
228 1398 268 1477 ll.
291 1420 355 1493 17,
370 1410 435 1483 28.
490 1398 619 1489 Tum,
644 1391 775 1477 sralter
795 1412 844 1489 eat
865 1392 927 1475 hie
942 1394 1134 1483 codicibus

94 1525 218 1613 seculo
247 1530 316 1609 Xll
334 1524 393 1611 vel
414 1530 502 1607 Xlll
542 1522 799 1610 adscribendus
832 1522 1133 1617 Montesalconio

94 1662 191 1746 risus
220 1681 319 1755 erat,
364 1655 529 1745 fueritis
555 1680 725 1769 putopa.
748 1665 899 1768 potius,¹
940 1685 1055 1771 quam
1071 1666 1132 1767 pb.

91 1796 148 1881 At
166 1793 229 1877 ille
250 1790 556 1879 membranaceus
578 1795 651 1889 eli,
695 1820 775 1875 non
795 1818 818 1875 e
844 1792 968 1875 sericis
991 1794 1134 1879 eouiirt

90 1928 249 2011 schedis.
303 1924 441 2009 Sed-ne
456 1925 529 2035 ipse
543 1932 603 2032 pa.
628 1924 784 2037 quidem
803 1927 975 2023 eserieie,
998 1952 1132 2011 verunt

90 2089 114 2145 e
130 2063 340 2164 bombycinis
359 2055 515 2155 schedia,
536 2058 578 2141 id
592 2061 644 2141 est
658 2065 861 2157 cottuneis,
898 2088 977 2173 quae
984 2086 1014 2141 a·
1024 2057 1130 2149 lineis

92 2200 156 2278 vix
175 2190 374 2285 disserunt,
400 2196 553 2276 constat:
595 2220 830 2305 aequavero
849 2222 1005 2305 usquam
1020 2191 1127 2275 char·

93 2348 176 2409 tam
202 2321 380 2425 ejuarrrodi
399 2352 421 2405 a
442 2322 739 2409 Montesaleonio
765 2334 830 2429 (in
852 2325 1128 2434 Palaeograplria

81 2458 249 2571 -quidem
271 2462 420 2559 Graeca)
460 2463 600 2566 sariram
625 2459 697 2542 etse
720 2458 936 2569 adpellatam
957 2463 1128 2542 memini.

90 2600 222 2700 Igitur,
271 2590 319 2674 de
339 2590 585 2709 l’aaisrensrbus
610 2590 805 2677 codicibus
831 2595 921 2706 quid
940 2594 986 2676 ad
1008 2600 1129 2699 tho·

87 2756 181 2809 num
209 2726 385 2835 scripserit
415 2724 472 2808 vel
501 2722 735 2809 scribendum
764 2718 943 2811 curaverit
975 2732 1128 2810 Monte·

86 2856 290 2958 salconius,
318 2860 461 2943 nescio:
504 2857 583 2955 scd,
609 2860 791 2971 quidquid
806 2860 896 2945 illud
917 2857 1038 2959 deerit,
1061 2885 1131 2966 ve·⁸

86 3022 176 3078 reor
195 3020 244 3075 ne
269 3014 437 3076 mentem
466 2990 661 3076 dosliliimi
688 3000 763 3079 viri·
787 3022 919 3106 parum
942 2992 1043 3078 reete
1064 3020 1125 3075 ac·

85 3133 228 3236 ceperit
248 3134 436 3234 thorrus,
463 3154 585 3238 eoque
608 3132 648 3209 in
673 3126 816 3232 turbas,
846 3157 937 3242 quas
951 3127 1047 3224 dixi,
1068 3130 1127 3208 iri-

86 3260 231 3343 ciderie
295 3259 477 3343 Ceterum
506 3259 601 3342 illud·
619 3261 703 3344 atis
731 3261 899 3370 adparet,
942 3288 1020 3344 non
1042 3287 1127 3367 per-

85 3417 239 3504 petuam
271 3391 432 3507 aliquam
462 3393 701 3478 collationem
743 3395 919 3478 codicum
956 3392 1125 3475 Parisrerr-
1215 3412 1218 3427 ·

86 3526 202 3624 lium,
240 3554 284 3608 ac
302 3554 350 3609 ne
372 3528 653 3640 uniusquidem
675 3554 723 3609 ex
744 3527 835 3626 illis,
869 3524 971 3613 suisle
987 3529 1127 3635 Vproiri

88 3659 206 3743 caussi
225 3663 445 3758 institutam3
507 3660 569 3744 sed
600 3662 729 3767 passam
751 3660 991 3745 solummodo
1012 3688 1127 3741 unam

86 3794 286 3877 alteramve
308 3792 507 3887 lesliorrem
532 3791 637 3877 suill'e
656 3815 891 3902 excerptam,
933 3824 1022 3877 eum
1043 3792 1126 3875 illo'·

85 3956 162 4040 que
185 3928 330 4011 editore
351 3934 678 4011 communicatam.
735 3933 914 4039 Qrisquis
932 3956 1025 4011 vero
1040 3953 1128 4034 pro-

84 4060 218 4144 barum
248 4059 452 4146 leslionum
480 4063 664 4168 segetem,
703 4086 793 4174 quas
815 4091 836 4143 e
856 4060 989 4157 tribus,
1033 4082 1129 4175 quos

83 4196 182 4299 dixi,
211 4191 377 4284 Paril'auis
391 4191 550 4281 librisin
564 4194 735 4283 medium
757 4192 1005 4292 contulimus,
1036 4216 1128 4269 con-

662 4326 743 4434 b4
1005 4322 1141 4419 ladera-

1204 4520 1218 4572 l
