2438 4650
123 488 235 543 XXIV
434 485 559 543 NOVI
604 484 843 541 nononis

124 657 351 747 fidernverit,
383 648 488 738 facile
505 652 659 738 isnobis
680 654 918 746 adsentietur,
946 675 1017 731 nec
1039 646 1162 757 supe'r-.

126 816 289 875 vacuum
308 814 330 870 a
350 814 414 870 me
434 785 602 873 laborem
623 787 694 871 elle
716 788 947 893 susceptum,
986 810 1074 865 oum
1094 810 1164 867 co-

128 924 232 1007 dices
253 921 325 1003 hos
343 949 457 1032 quam
475 928 581 1029 potui
602 920 870 1029 diligentilsrme
891 917 1052 1013 excullt,
1092 944 1165 1000 nec

128 1085 253 1166 operae
279 1060 316 1136 in
338 1084 426 1138 eum
447 1054 614 1140 laborem
629 1056 799 1165 impense
818 1056 1007 1162 poenitere
1021 1076 1085 1133 me
1099 1050 1165 1133 de·

131 1189 243 1284 bere,
275 1186 455 1301 fimulque
474 1190 576 1274 idem
590 1190 786 1295 intelliget,
813 1214 924 1298 quarn
938 1183 1012 1267 sive
1026 1208 1169 1269 temere

131 1324 208 1413 five
229 1301 364 1433 parum
380 1328 541 1428 ingenue
558 1324 698 1407 isaacus
715 1315 953 1421 casaubonus
972 1316 1066 1403 olim
1081 1346 1171 1401 curn

133 1458 282 1544 Doride.
295 1454 530 1553 Horschelio,
562 1458 939 1547 candidiffimo·‘viro‚
966 1452 1006 1535 lle
1019 1480 1108 1534 cum
1123 1450 1171 1533 tle

125 1594 244 1676 omni
273 1619 313 1673 re
332 1590 509 1689 literaria,
559 1612 643 1677 turn
662 1589 839 1697 sigillatim
861 1586 909 1668 de
936 1586 1016 1695 ipso
1037 1585 1173 1671 cisan-

136 1724 244 1810 bono
265 1730 407 1833 optime
428 1729 583 1823 merito,
611 1732 747 1833 egerit,
771 1750 859 1805 cum
878 1726 934 1815 ei,
958 1720 1011 1803 de·
1028 1717 1175 1804 eisdem

137 1859 340 1946 ¹codicibus'
355 1858 604 1945 Parilienlibus
625 1864 789 1965 roganti,
823 1855 1081 1962 responderet,
1103 1864 1177 1959 ejm

138 1991 198 2094 effi
220 2005 328 2083 noto,
370 2004 409 2069 nl
428 1994 548 2069 nullum
565 1998 613 2097 fit
629 1994 788 2091 futurum
807 2013 915 2089 opero
935 1990 1079 2085 pretinm
1102 2010 1178 2063 cor·

122 2118 266 2219 ¹inliffi:
316 2116 421 2227 quod
450 2118 682 2225 responlitm,
728 2144 798 2221 pro
829 2108 966 2196 rililerrl
983 2113 1181 2220 prasertim

98 2275 103 2286 ·
124 2245 382 2347 .·c0ndnione‚
406 2248 484 2359 qni-
500 2274 582 2329 tum
600 2253 779 2355 temporis
798 2271 901 2329 erant
913 2267 1102 2358 quotquot
1113 2274 1181 2329 ex.

144 2375 285 2462 itabant
307 2380 613 2465 Dissenationum
637 2379 795 2489 Epiileti
820 2381 1030 2474 editionem
1067 2408 1181 2493 qunm

145 2510 254 2595 suerit
277 2540 297 2595 a
314 2519 465 2597 veritate
485 2512 665 2613 alienum,
704 2513 872 2627 quelibet
891 2521 1023 2625 pagina
1042 2517 1182 2601 mitra-

134 2671 233 2729 tum
260 2646 561 2733 Adnotationum
586 2654 723 2759 poterit
742 2648 890 2732 docere.

186 2958 189 2964 -
272 2906 350 2988 lam
385 2905 579 3016 plurimam
616 2904 769 3015 quidem
807 2927 949 3014 partem
983 2904 1186 3015 probarunt

148 3029 373 3138 lolliomtm,
395 3064 499 3152 ,quas
519 3036 628 3123 nobis
651 3036 864 3123 obtulerunt
884 3042 996 3122 nostri
1018 3040 1185 3139 codices,

149 3190 235 3269 ante
265 3180 536 3281 nosr-thonus-
555 3179 594 3255 in
613 3200 679 3257 orn
698 3174 752 3255 sui
773 3172 857 3257 libri
880 3195 1023 3258 notatas
1041 3201 1187 3285 repere-

132 3322 224 3395 rat,
267 3305 501 3391 ecodicibus
531 3304 660 3391 Italicis
692 3329 899 3417 excerptas:
959 3308 1186 3392 attamen&

149 3434 376 3541 spicilegium
403 3440 502 3524 houd
531 3440 777 3551 spernendum
805 3441 920 3524 iidem
945 3446 1061 3526 nollri
1083 3442 1187 3527 eodi-

150 3596 213 3651 ces
240 3572 531 3685 suppeditarrrnt3
580 3574 709 3658 &eas
732 3576 822 3682 ipsas
853 3572 1051 3672 lolliones,
1097 3600 1188 3687 quas

150 3706 290 3809 ‚thoni
310 3706 434 3793 codex
451 3704 580 3804 dabat,
607 3708 814 3811 iucundum
832 3730 909 3789 erat
922 3708 1061 3792 horum
1076 3715 1189 3793 etiam

150 3832 368 3923 nulloritnte
386 3838 648 3950 comprobatas
670 3847 888 3951 comperire.
951 3850 1044 3949 Qnae
1063 3871 1122 3926 res
1143 3870 1191 3925 eo

149 3973 260 4051 etiam
283 3978 434 4077 maioris
455 3997 532 4057 erat
556 3980 763 4072 momenti,
808 3980 987 4086 quoniam
1016 3977 1115 4060 lmnd
1145 3982 1192 4059 ita

148 4124 293 4188 certum
324 4127 421 4204 erat,
468 4134 514 4190 nn
549 4104 730 4191 lelliones
758 4137 913 4205 omnes,
960 4138 1039 4221 quae
1066 4116 1104 4193 in
1127 4134 1194 4193 ora

149 4228 232 4321 libri
259 4237 356 4328 illius
380 4249 533 4355 thono
564 4237 612 4327 ab
650 4242 814 4334 Hatrisio
846 4242 990 4331 donati·
1013 4246 1197 4330 adnotata:

1076 4396 1197 4475 erant,
