2438 4650
447 420 791 491 remano.
1051 435 1140 497 xxv

84 624 205 717 erant,
263 584 575 708 e'manuscripris
604 600 799 687 codicibus
824 596 943 687 dasle
971 600 1139 707 suisiente

87 770 175 826 eunt
198 734 384 823 credibile
407 732 617 817 admodum
636 734 742 840 ell'et,
790 764 919 821 earum
942 742 1142 831 nonnullas

91 868 350 978 econjeslura
371 866 476 951 l'uille
497 864 645 966 duliae,
678 897 770 982 quas
788 870 942 983 quidem
961 882 1139 965 necteria

93 1008 199 1093 nullo
228 1026 336 1089 certo
367 999 474 1109 ligno
500 1002 725 1108 distinguere
762 1003 913 1101 licebat,
965 1014 1140 1116 thonue

94 1164 196 1225 certe
218 1137 325 1223 nullo
349 1136 471 1221 modo
490 1136 673 1221 distinxit:
714 1162 787 1248 qua
810 1136 857 1220 de
877 1152 918 1221 r'e
938 1166 1026 1222 curn
1049 1141 1141 1228 aliie

100 1272 251 1356 subinde
282 1280 323 1355 in
353 1269 690 1365 adnotationibus,
739 1290 822 1353 turn
848 1270 896 1353 ad
918 1278 974 1353 lll.
992 1300 1057 1370 24,
1072 1286 1140 1377 46.

103 1406 249 1491 anobis
269 1404 414 1489 dillum
432 1406 495 1487 eli.
550 1402 746 1489 Habebunt
769 1424 940 1512 preterea
960 1403 1058 1487 aliud
1081 1413 1140 1491 in-

95 1540 350 1625 commodum
371 1544 552 1622 variantes
573 1536 638 1623 illu
657 1534 879 1633 Lelliones',
919 1534 967 1618 ab
988 1547 1141 1647 thono

100 1703 148 1759 ex
173 1702 240 1759 ora
267 1676 322 1755 sui
342 1671 485 1757 codicis
504 1670 668 1781 protam
711 1670 836 1783 quod,
879 1698 968 1751 cum
993 1670 1141 1755 duobus

101 1806 339 1895 eeodicibus
365 1811 491 1895 msstis
518 1805 631 1889 essent
655 1805 876 1913 depromta,
923 1830 1001 1885 non
1024 1804 1143 1889 adno-

103 1966 220 2027 tatum
239 1936 377 2035 fuerit,
402 1966 567 2049 quanam
590 1944 676 2036 uni,
713 1966 880 2050 quenanr
902 1935 1005 2019 alteri
1029 1938 1144 2022 debe·

102 2106 255 2171 rentur,
283 2100 377 2183 quas
391 2072 503 2155 rursus
526 2096 682 2184 uterque
701 2073 824 2157 codex
838 2078 1032 2155 communi
1050 2102 1144 2157 con-

105 2212 216 2293 sensu'
234 2204 402 2287 dedisset:
442 2236 517 2319 qua
542 2205 568 2291 fi
589 2202 707 2291 fuiiiet
730 2214 855 2291 cautio
878 2207 1058 2309 adhibita,
1094 2208 1145 2292 de

110 2347 304 2452 utriusque
324 2340 463 2423 codicis
485 2344 608 2448 perse
630 2340 776 2439 indole,
832 2344 870 2425 dt
895 2343 942 2426 de
964 2348 1144 2455 cujusque

111 2474 278 2560 ledlionis
299 2482 460 2570 ratione,
495 2482 629 2558 certius
651 2476 802 2586 aliquod
822 2476 1003 2575 iudicium
1024 2475 1146 2560 facere

109 2610 361 2721 potuissemus.
419 2606 581 2691 Subinde
602 2636 693 2692 vero
709 2617 819 2691 etiam
839 2609 1044 2719 adparebat,
1068 2616 1147 2691 vim

110 2753 365 2852 rationemque
393 2766 564 2825 notarunt
593 2770 664 2825 orae
703 2741 753 2825 illi
789 2745 1041 2853 inscriptorum
1071 2769 1148 2825 non

108 2878 192 2961 satie
218 2875 323 2959 suilie
350 2874 396 2957 ab
426 2885 579 2985 thono
608 2898 840 2983 perceptam,
899 2876 1151 2961 &interdum

115 3038 271 3124 quoque
291 3006 489 3093 le'clionem
513 3008 674 3120 aliquam
698 3009 859 3093 alienum
880 3012 926 3094 ad
948 3011 1078 3094 locum
1094 3018 1152 3091 re·

116 3142 246 3235 latarn3
289 3148 352 3224 cui
371 3144 619 3229 incommodo
642 3166 897 3257 opportunum
918 3142 1069 3226 subinde
1095 3166 1153 3223 re·

117 3278 289 3362 medium
334 3278 446 3359 noilri
493 3276 701 3363 adtulerunt
748 3277 899 3361 codices
935 3274 1155 3361 Parifienses.

119 3412 228 3495 Haud
254 3438 338 3494 raro
360 3438 450 3495 vero
472 3417 582 3495 etiarn
605 3418 766 3520 optimas
791 3438 956 3525 quasque
977 3402 1156 3491 lec'liones

121 3545 192 3629 five
213 3576 262 3627 ex
285 3544 418 3626 italicis
441 3544 636 3629 codicibus
658 3544 731 3629 sive
753 3574 776 3627 e
794 3552 872 3627 MS.
887 3546 991 3627 Paris
1010 3541 1058 3625 ab
1079 3551 1157 3648 Vp·

124 3703 213 3763 tono
235 3677 395 3788 prolatas
417 3679 569 3789 quidem
590 3684 748 3788 reperiet
773 3677 912 3776 ledor,
956 3676 1018 3759 sed
1037 3702 1099 3757 cas
1121 3680 1161 3755 in

122 3820 230 3897 Notis
254 3810 422 3920 sepositas
451 3838 495 3893 ac
524 3812 639 3896 veluti
660 3813 859 3917 relegatas3
908 3838 988 3923 qua
1010 3836 1030 3891 a
1052 3806 1161 3891 nobis

125 3948 281 4031 demum
304 3952 343 4026 in
363 3966 584 4029 contextum
603 3969 796 4057 cooptata,
821 3944 1056 4029 necessariam
1080 3928 1165 4022 eor-

123 4106 236 4191 ruptae
258 4079 353 4163 olim
375 4080 553 4189 scriptura
573 4081 796 4163 nredicinatn
816 4078 1035 4163 adtulerunt.
1091 4072 1165 4155 Se'd

122 4214 221 4301 benc
245 4212 370 4298 multa
389 4218 516 4328 utique
531 4216 819 4326 preliantiss‘rmae
834 4212 1014 4295 lelliones
1029 4232 1077 4287 ex
1095 4208 1168 4285 eis-

227 4364 231 4374 '
666 4346 739 4456 b5
1092 4340 1192 4431 dein
