2438 4650
130 504 302 557 xxvm
452 500 575 553 tt'ovt
621 496 857 555 emroltts

130 672 279 757 differre
301 666 401 751 illam
417 666 620 749 editionem
637 664 682 750 ab
703 696 745 751 en
760 630 831 778 uun
850 634 929 774 'ego
951 666 1036 750 usus
1057 626 1172 750 erem.

129 810 261 902 Nunc,
289 830 337 885 ex
359 830 437 913 quo
455 806 494 882 in
514 798 638 884 lucem
653 798 824 884 ernitl'um
841 804 893 883 eil
912 804 1080 886 nostrum
1097 808 1173 884 En·

129 939 336 1031 chiridion‚
362 940 531 1044 pervenit
551 934 609 1017 his
625 928 758 1018 diebus
776 941 813 1015 in
832 962 965 1019 manus
982 964 1086 1019 meas
1103 963 1173 1045 per

130 1066 379 1177 Tubingenfis
390 1071 502 1151 amici
514 1064 811 1151 benevolentiam
823 1069 1046 1179 ¹exemplum
1063 1067 1172 1187 ipsius

132 1204 230 1287 illius
261 1203 435 1285 editionis
460 1200 676 1304 Wolliunae,
731 1229 811 1313 quae
838 1230 978 1285 annum
1006 1208 1171 1285 MDLXl

130 1334 243 1421 sronti
265 1336 478 1445 inscriptum
500 1340 610 1441 gerit:
651 1338 754 1435 cuius
770 1364 818 1417 ex
833 1333 1052 1433 collatione,
1081 1361 1171 1418 curn

132 1468 275 1553 duabus
300 1452 524 1554 editionibus
545 1468 621 1549 Bul
637 1494 672 1548 α.
686 1469 724 1550 u
738 1470 814 1551 Bas.
835 1500 889 1568 3.,
921 1467 1059 1582 quibus
1073 1468 1171 1555 olinr

131 1604 215 1687 usus
243 1600 368 1699 eram,
419 1599 613 1707 diligenter
650 1600 827 1699 instituti,
890 1610 1053 1713 primum
1092 1602 1172 1686 hoc

88 1790 91 1796 -
132 1740 317 1842 cognovi:
364 1733 566 1818 Euchiridii
590 1757 829 1832 contextum,
874 1735 994 1848 qualis
1016 1742 1056 1821 in
1078 1735 1170 1827 edit.

131 1876 297 1955 MDLXl
322 1866 536 1967 exhibetur,
589 1898 667 1954 non
689 1868 761 1953 elle
780 1898 801 1952 a
819 1870 970 1955 Wolfio
994 1868 1172 1951 ernenda-

131 2023 235 2098 tum,
263 2002 325 2085 sed
346 2002 446 2085 nude
461 2030 484 2085 e
501 2004 676 2111 superiori
694 2001 781 2087 edit.
795 2006 870 2092 uas
889 2032 924 2087 2.
951 2014 1172 2115 (quaennno

134 2144 299 2220 MDLlV
318 2134 416 2245 apud
436 2136 614 2218 eumdem
634 2140 849 2243 Oporinum
870 2138 1083 2249 prodierat)
1123 2134 1172 2218 ad

133 2266 292 2353 verbum
314 2270 353 2351 bt
375 2268 422 2351 ud
446 2267 587 2351 literani
617 2272 872 2379 repetitum)
928 2278 1035 2353 Tum
1055 2296 1171 2381 porro

133 2404 224 2489 illud
249 2400 429 2487 intellexi:
484 2400 533 2483 de
555 2402 703 2487 edendo
726 2408 860 2487 Graeco
881 2404 1081 2520 linchiridii
1104 2432 1171 2487 ex·

134 2536 261 2649 emplo
284 2564 305 2621 n
326 2536 366 2621 se
388 2533 587 2619 emendato
607 2538 726 2621 {latim
751 2564 798 2619 ne
820 2538 995 2643 cogitulle
1015 2537 1171 2647 quidem

428 2678 432 2685 '
964 2670 1172 2801 Wollium,¹

175 2850 212 2931 ⁴¹)
225 2852 340 2937 Itaque,
356 2844 503 2933 quidquid
513 2850 545 2913 in
553 2848 627 2915 Ver.
653 2931 657 2937 Ι
676 2869 734 2933 per
757 2870 896 2916 errorem
918 2874 958 2917 ex
977 2874 1036 2919 ora
1055 2854 1168 2936 cupitis

132 2952 219 3025 best.
241 2960 279 3022 ad
304 2954 461 3021 Enchiritl.
493 2955 626 3018 anobis
677 2972 729 3035 27.
755 2956 924 3041 repetitum
958 2960 1002 3027 est
1037 2962 1171 3051 verboru¹

134 3084 175 3130 ex
194 3064 242 3127 ed.
257 3062 320 3129 uas.
337 3077 366 3125 2.
394 3060 551 3145 prolatum
572 3060 625 3134 est.
674 3054 819 3146 ἤρέθικι,
856 3086 915 3149 pro
937 3058 1169 3141 βουλεὸσασθει

134 3172 168 3254 {d
204 3172 320 3255 puriter
354 3171 387 3233 in
419 3168 499 3231 hanc
525 3166 624 3232 ualet:
675 3173 760 3253 quod
776 3171 808 3234 in
822 3176 1024 3241 oriculus.
1041 3176 1170 3243 aseer·

134 3294 195 3339 nee
226 3274 280 3341 nili
306 3274 428 3358 oppido
452 3272 627 3359 peucillnnu
676 3272 810 3357 positum
829 3290 905 3341 erat.
947 3282 1021 3365 Cro
1040 3298 1091 3365 52.
1107 3304 1170 3368 pro

134 3374 305 3458 locasunt,
328 3378 485 3464 inquibus
499 3381 626 3465 (purtim
675 3380 834 3461 roceum,
869 3390 954 3469 quod
979 3390 1013 3451 in
1043 3389 1108 3455 Bal'.
1138 3406 1170 3455 α.

134 3488 285 3561 consilio,
325 3486 437 3571 purtim
464 3484 554 3565 calu)
586 3487 641 3584 ub·
676 3500 752 3563 erat,
773 3490 817 3556 est
827 3484 981 3557 recutitur.
1025 3494 1168 3579 Criu-12.

133 3596 210 3659 edit.
239 3588 392 3659 uocu'v
420 3588 526 3657 differt
555 3592 625 3659 lraec
674 3595 708 3659 in
729 3616 804 3673 ora,
830 3618 889 3682 pro
909 3596 1042 3683 εἴρηκεν,
1081 3624 1169 3668 men·

134 3721 220 3766 anno
257 3720 285 3764 nt
298 3722 318 3765 o
331 3722 401 3765 uxr
447 3700 480 3763 in
520 3700 625 3765 lucem
673 3702 748 3769 dole
770 3702 886 3787 εἴρυιεν
904 3704 1054 3775 scribitur.
1107 3708 1170 3773 De·

135 3804 248 3873 emisso.
308 3806 437 3871 Scilicet
460 3826 519 3891 pro
541 3828 626 3871 rnen·
677 3808 771 3895 nique
786 3812 859 3895 Cap.
876 3830 927 3893 ῃ.
948 3816 980 3877 in
995 3836 1069 3887 ora,
1108 3836 1170 3901 pro

134 3912 212 3979 dolo
233 3910 390 3995 l'xulqrre,
413 3914 577 3997 quoderat
593 3911 626 3977 in
678 3910 788 3998 ἔρχου,
809 3920 893 4000 quod
916 3932 982 3983 eret
996 3922 1030 3985 in
1044 3922 1108 3987 Bal.
1125 3940 1169 4001 a„

134 4041 202 4104 cap.
216 4038 240 4086 r.
259 4019 455 4083 emendatum
469 4018 513 4083 est
527 4015 627 4083 iuxu-
678 4007 724 4087 est
745 4020 836 4111 ἔρχῃ.
904 4026 986 4106 Quae
1009 4026 1169 4111 scriptura

134 4148 189 4199 cu.
210 4126 295 4193 Tum
310 4140 417 4206 cup.7.
438 4124 629 4205 (euwott.)
678 4148 792 4193 omnes
814 4132 927 4197 deinde
943 4136 1056 4199 eodem
1070 4140 1169 4203 morlo

135 4254 194 4316 pro
221 4232 280 4295 τῶν
303 4226 357 4311 ἐφ’
379 4226 464 4315 ἡμῖν,
506 4231 550 4297 est
569 4231 627 4297 τοῖν
677 4239 820 4321 repetitae
835 4237 904 4306 sunt
919 4240 951 4304 in
967 4260 1004 4303 eu
1017 4244 1170 4323 editione,

130 4334 227 4417 Μ’
244 4334 326 4421 ᾐκῐῑν.
370 4338 443 4425 Cup.
457 4354 507 4421 30.
521 4339 555 4402 in
570 4359 627 4405 ore
676 4362 768 4429 quarn
779 4348 828 4423 erl.
840 4344 903 4413 Bas.
917 4362 946 4427 3.
963 4350 1127 4433 adpellari.
