2438 4650
151 473 277 532 XXVI
481 472 615 539 ‚NOVI
657 474 895 541 autumus

149 645 240 729 dem
259 640 390 727 italicis
412 638 605 725 codicibus
628 670 707 725 non
730 642 851 729 modo
868 640 1018 753 prolatae
1035 643 1084 727 ab
1109 652 1189 759 Vp-

148 804 264 875 tono,
292 804 423 860 veruna
443 780 556 859 etiam
576 781 616 858 in
638 776 747 858 usum
767 800 921 884 recepte
943 778 1046 875 suut,
1090 780 1190 865 mul-

147 936 264 1027 taque
285 910 422 993 lacunae
442 904 595 995 feliciter
614 909 782 1019 explete,
812 907 879 992 ubi
898 912 1013 995 nostri
1034 912 1188 1027 codices

129 1075 238 1137 .cum
261 1042 518 1133 vetustioribus
532 1041 758 1128 editionibus
780 1050 974 1129 communi
995 1048 1035 1127 in
1057 1073 1185 1133 errore

128 1178 386 1266 .versabantur.
465 1176 576 1261 Haud
606 1204 723 1287 pauca
755 1205 845 1261 vero
872 1182 965 1265 item
995 1181 1186 1287 supersunt

128 1314 250 1411 loca,
296 1296 584 1423 haudquaquam
620 1316 834 1393 etiamnunc
871 1310 955 1393 sans
992 1316 1184 1421 expedita,

145 1476 225 1562 quae
244 1442 304 1529 vel
325 1444 585 1553 depravatione
613 1441 733 1555 aliqua
762 1431 1070 1555 perverlioneque
1096 1448 1183 1536 scri·

143 1605 277 1695 ptura,
317 1575 378 1661 vel
399 1574 599 1663 verborum
624 1577 894 1663 nonnullorum
915 1580 1115 1665 onriffione
1135 1580 1183 1665 la-

142 1716 275 1811 borare
297 1711 486 1804 videntur:
529 1737 692 1823 quorum
716 1708 813 1796 bona
835 1740 919 1820 pars
941 1708 1088 1800 forcalle
1108 1712 1182 1805 five

124 1852 337 1957 integritati
360 1846 434 1931 sue¹
456 1846 593 1931 rellitui
621 1844 757 1955 pollet,
804 1844 875 1932 live
899 1843 1089 1930 tolerabile
1111 1846 1180 1935 sal-

140 2010 220 2073 tem
249 1978 515 2092 probabileque
546 1979 753 2069 remedium
781 1980 868 2067 effet
896 2000 1115 2088 acceptura,
1152 1979 1181 2067 li

123 2115 299 2202 ¹eosdem
336 2114 433 2219 ipsos
468 2114 640 2211 codices,
684 2114 862 2228 equibus
886 2134 1065 2221 excerpte
1097 2114 1180 2202 sunt

140 2248 322 2337 lectiones
350 2240 397 2326 ab
424 2252 578 2352 thono
613 2246 778 2355 prolata,
830 2248 958 2340 denuo
989 2268 1178 2345 excutere,

139 2405 203 2469 aut
225 2378 317 2465 alios
351 2376 410 2461 his
440 2374 572 2463 fimiles
601 2406 645 2462 ac
672 2377 817 2465 fortasse
849 2388 960 2463 etiam
987 2378 1177 2483 melioret,

138 2544 237 2631 quos
259 2520 297 2597 in
316 2507 424 2595 Italia
436 2508 670 2595 bibliothecis
695 2521 907 2601 etiamnunc
928 2512 1037 2597 latere
1056 2515 1176 2610 credi·

138 2652 216 2741 bile
237 2650 309 2745 ea,
334 2648 376 2729 in
396 2642 588 2735 confilium
609 2674 744 2735 vocare
764 2644 901 2735 liceret.
1028 2678 1031 2685 ·

120 2982 123 2987 .
251 2930 546 2995 svrrrroaas
585 2904 863 3017 Dissertationum
888 2932 1174 3017 retractant,

116 3043 209 3131 uni
226 3036 518 3123 salamanticenfi
531 3038 705 3149 excepti,
733 3034 805 3152 quai
825 3063 919 3143 aegre
934 3044 1057 3138 carui,
1081 3070 1175 3125 cun·

116 3178 202 3265 ¹(ln
224 3174 339 3269 milri,
372 3170 469 3254 hanc
493 3173 698 3259 editionem
721 3174 935 3273 adornanti,
970 3174 1018 3257 ad
1040 3200 1177 3281 nunqu

134 3315 280 3420 semper
300 3306 338 3389 dt
356 3328 441 3389 ante
463 3306 595 3391 oculos
619 3302 737 3391 fuere:
785 3318 924 3392 Veneta
946 3306 1173 3392 Trincavelli

134 3444 378 3533 Moxxxv3
415 3437 620 3524 Bafileenfis
640 3445 764 3549 prior,
800 3470 888 3525 cum
901 3442 1073 3549 Scheggii
1088 3468 1173 3525 vet·-

134 3582 236 3669 tione
260 3576 297 3659 dt
317 3576 429 3668 notis,
452 3576 632 3669 MDL1V3
660 3574 764 3684 (que
778 3578 816 3658 in
832 3581 1009 3659 Varietate
1024 3570 1173 3661 cetto.-

133 3720 191 3801 nis
212 3710 258 3795 ad
282 3704 547 3804 unctnrtdion,
589 3734 707 3816 nuper
729 3706 881 3791 anobis
909 3736 998 3790 cum
1017 3706 1172 3793 Cebetis

131 3842 280 3935 Tabula
301 3838 466 3953 editum,
496 3844 565 3927 Ed.
580 3848 665 3952 Bafi
683 3868 719 3924 a.
741 3840 906 3947 insignita
929 3852 1049 3949 erata)
1076 3838 1173 3927 Bast-

132 3976 261 4069 leensrs
275 3972 405 4070 altera,
429 3976 653 4076 Hieronymi
667 3974 802 4059 Wolfii
816 3973 1022 4060 versionem
1037 3976 1077 4059 dt
1091 3982 1174 4063 No-

130 4138 186 4201 tas
207 4106 410 4201 exhibens3
449 4112 555 4217 (quae
576 4110 616 4187 in
635 4114 716 4191 Var.
730 4106 836 4193 neu.
857 4109 904 4191 ad
925 4110 1076 4193 Enchir.
1092 4130 1171 4217 erat

131 4256 201 4338 Ed.
215 4249 301 4358 Bas.
321 4244 376 4345 3.)
418 4236 649 4330 Colonienlis
674 4246 885 4342 mortem
927 4242 1171 4342 Gencvensas,

1030 4378 1170 4463 codem
