2438 4650
123 486 228 545 ιιιιιι
435 483 556 545 ιιοιι
595 483 828 558 porr-omo

236 663 368 745 Tertr'ur
389 662 525 755 crox,
561 682 638 766 quo
654 653 737 736 usus
758 651 865 759 sum,
892 674 1008 763 quem
1025 651 1067 733 in
1083 649 1165 765 Ad·

130 786 384 879 notationibus
401 788 447 873 ad
463 789 769 875 Dissertationum
789 782 903 867 libros
926 778 1016 867 ιιοιι
1032 820 1091 894 pr.
1108 790 1165 897 ἰιι-

129 926 278 1031 fignivi,
307 924 358 1006 est
374 922 474 1005 idem
491 920 551 1005 ille
573 921 664 1006 olim
681 924 817 1027 Regius
832 946 934 1001 num.
948 914 1166 1054 ΜΟΜΗΧ,

131 1060 181 1145 de
209 1086 287 1170 quo
316 1056 398 1140 firtis
426 1059 572 1165 copiose
595 1082 713 1163 nuper
734 1059 773 1137 in
796 1028 1004 1161 ριπῐιιίοιιε
1026 1052 1075 1138 ad
1093 1062 1167 1137 En-

131 1192 317 1305 chiridiorr
343 1192 534 1299 separatim
561 1190 705 1275 editum
733 1186 833 1285 dixi,
896 1183 960 1269 ubi
984 1187 1167 1273 eumdem

124 1324 222 1426 ‘nota
240 1338 302 1411 Pa.
328 1323 609 1429 defignavemm.
664 1325 791 1427 Quem
812 1314 1005 1416 codicem,
1036 1348 1168 1432 quam-

132 1488 246 1573 quam
266 1481 456 1543 recentem
477 1451 705 1553 admodum,
738 1476 883 1551 tamen,
921 1455 1169 1565 quemadmo-

132 1594 226 1675 dum
252 1598 290 1675 in
310 1589 526 1675 Euchiridio
554 1588 593 1669 &
614 1591 651 1667 in
672 1586 846 1694 Simplicii
867 1590 1170 1698 Commentario,

125 1725 181 1809 'fre
201 1729 239 1810 ἃ
260 1732 296 1808 io
310 1720 630 1809 Dissermtionibus
643 1718 801 1827 Epicleri
821 1726 977 1803 minime
991 1724 1170 1829 ¹spemen·

132 1860 227 1943 dum
245 1860 316 1942 esse
336 1857 553 1961 judicabunt
572 1856 631 1953 hi,
666 1860 731 1967 qui
752 1852 931 1939 lemiones
951 1876 1000 1938 ex
1015 1882 1172 1965 eo-pro·

127 1992 222 2077 -lams
240 1992 468 2075 confiderare
481 1991 675 2075 voluerint.
725 1994 770 2072 Et
784 1988 822 2072 id
836 1988 991 2099 quidem
1005 1996 1172 2075 maxime

131 2146 347 2233 opportune
360 2129 398 2206 in
419 2124 498 2206 hoc
519 2123 652 2209 codice
671 2119 780 2205 nobis
799 2120 955 2218 accidit,
980 2144 1173 2234 ur‚.quum

132 2256 310 2367 persaepm
347 2254 412 2339 ubi
438 2254 517 2338 duo
544 2260 686 2361 priores
711 2254 861 2338 codices
887 2282 1013 2349 veram
1036 2256 1173 2343 dobmt

132 2394 369 2498 scripturam,
393 2386 459 2471 hic
479 2386 694 2471 mendosam
716 2414 796 2498 quae
815 2388 909 2473 olim
933 2388 1078 2497 vulgata
1094 2413 1172 2476 erat

132 2522 456 2630 repraesentaverit‚
490 2528 642 2631 persaepe
661 2520 805 2617 rursu's,
845 2521 907 2605 ubi
931 2521 1057 2607 illim
1064 2553 1172 2638 com·

132 2661 241 2739 muni
265 2684 353 2741 cum
381 2651 479 2739 libris
501 2652 657 2759 vulgatis
677 2682 802 2739 errore
826 2654 1077 2755 versabantur,
1105 2658 1172 2749 hic

132 2778 356 2875 veriffimmn
356 2778 568 2873 lossr'onem
582 2786 639 2871 vel
655 2816 747 2872 vero
760 2793 983 2899 proximam
987 2792 1150 2879 offerret.

152 3013 156 3023 ¹
245 3010 364 3131 Quod
399 3008 488 3108 vero
514 3008 685 3133 thonos
721 3032 1016 3110 communicatas
1042 3026 1171 3111 secum

130 3162 184 3243 ait
212 3157 284 3241 effe
313 3154 491 3243 remores
526 3192 543 3241 ι
564 3166 668 3241 codice
688 3164 773 3245 MS·
794 3170 968 3273 Panfirm,
1011 3192 1030 3243 e
1042 3166 1173 3269 schedis

122 3284 236 3393 fierr'cr's
261 3298 438 3397 conflante,
492 3315 580 3391 quem
612 3288 883 3368 duodecimam
919 3290 1039 3367 decimo
1068 3294 1200 3371 temo

120 3418 234 3527 srfrrlo
251 3418 490 3530 odsrriberrdo'm
505 3414 785 3523 Montisalconr'ns
805 3416 974 3527 cmfirr'ffet,
1001 3414 1037 3497 id
1061 3400 1171 3527 qoole

131 3542 191 3641 fit,
221 3545 318 3627 haud
341 3548 426 3629 saris
441 3542 563 3656 liquet.
620 3556 630 3627 Ι
650 3574 750 3651 onge
766 3544 921 3655 plurima
937 3576 1021 3657 pors
1040 3578 1170 3644 earum

130 3674 358 3771 Ιεᾶἰοιιιιιιι,
403 3705 494 3791 quos
514 3705 536 3760 e
556 3685 634 3761 MS.
658 3677 812 3761 Parisrno
834 3688 1005 3788 Vprorrus
1029 3689 1169 3783 citavit,

130 3830 207 3895 mm
239 3816 277 3893 in
305 3812 438 3896 codice
471 3812 597 3897 nostro
611 3846 670 3919 pa.
699 3840 811 3924 quam
834 3820 872 3896 in
894 3822 950 3921 pb.
978 3813 1168 3921 leguntur:

130 3972 202 4029 rrec
224 3946 276 4027 est
297 3972 427 4029 eorum
449 3944 541 4041 ulla,
582 3949 670 4057 quin
693 3950 731 4029 in
752 3945 928 4032 alterutro
950 3948 1088 4033 horum
1109 3980 1169 4036 re-

128 4084 298 4187 periatur.
347 4078 420 4163 Sed
440 4080 521 4163 sunt
542 4076 743 4176 nonnullae,
788 4109 879 4192 quas
899 4082 996 4167 sorus
1019 4092 1075 4191 pb.
1102 4086 1168 4169 hr-

129 4208 212 4310 bet,
248 4239 326 4299 ιιοιι
341 4244 404 4325 po.
427 4210 543 4299 veluti
567 4210 702 4335 ἔχοιεν
725 4206 796 4313 οἷν,
825 4220 865 4301 in
884 4219 969 4303 Αιι.
993 4220 1101 4328 Epist.
1118 4220 1167 4303 od

145 4375 150 4383 ·
1010 4356 1054 4443 L.
1067 4351 1167 4439 Gell.
